@article{bank1989class,
  title={A class of iterative methods for solving saddle point problems},
  author={Bank, Randolph E and Welfert, Bruno D and Yserentant, Harry},
  journal={Numerische Mathematik},
  volume={56},
  number={7},
  pages={645--666},
  year={1989},
  publisher={Springer}
}

@book{becker1981finite,
  title={Finite Elements: An introduction},
  author={Becker, E.B. and Carey, G.F. and Oden, J.T.},
  number={v. 1},
  isbn={9780133170573},
  lccn={80025153},
  series={ACM monograph series},
  year={1981},
  publisher={Prentice-Hall}
}

@article{devloo2022efficient,
  title={An efficient construction of divergence-free spaces in the context of exact finite element de Rham sequences},
  author={Devloo, Philippe RB and Fernandes, Jeferson WD and Gomes, S{\^o}nia M and Orlandini, Francisco T and Shauer, Nathan},
  journal={Computer Methods in Applied Mechanics and Engineering},
  volume={402},
  pages={115476},
  year={2022},
  publisher={Elsevier}
}

@article{de2013new,
  title={A new procedure for the construction of hierarchical high order Hdiv and Hcurl finite element spaces},
  author={De Siqueira, Denise and Devloo, Phillipe RB and Gomes, S{\^o}nia M},
  journal={Journal of Computational and Applied Mathematics},
  volume={240},
  pages={204--214},
  year={2013},
  publisher={Elsevier}
}

@article{guyan1965reduction,
  title={Reduction of stiffness and mass matrices},
  author={Guyan, Robert J},
  journal={AIAA journal},
  volume={3},
  number={2},
  pages={380--380},
  year={1965}
}

@book{gurtin1982introduction,
  title={An introduction to continuum mechanics},
  author={Gurtin, Morton E},
  year={1982},
  publisher={Academic press}
}

@book{brezzi2012mixed,
  title={Mixed and hybrid finite element methods},
  author={Brezzi, Franco and Fortin, Michel},
  volume={15},
  year={2012},
  publisher={Springer Science \& Business Media}
}

@article{duran2019multiscale,
  title={A multiscale hybrid method for Darcyâ€™s problems using mixed finite element local solvers},
  author={Duran, Omar and Devloo, Philippe RB and Gomes, Sonia M and Valentin, Fr{\'e}d{\'e}ric},
  journal={Computer methods in applied mechanics and engineering},
  volume={354},
  pages={213--244},
  year={2019},
  publisher={Elsevier}
}

@article{brink1996some,
  title={On some mixed finite element methods for incompressible and nearly incompressible finite elasticity},
  author={Brink, Ulrich and Stein, Erwin},
  journal={Computational Mechanics},
  volume={19},
  number={1},
  pages={105--119},
  year={1996},
  publisher={Springer}
}

@article{rohn1994positive,
  title={Positive definiteness and stability of interval matrices},
  author={Rohn, Jiri},
  journal={SIAM Journal on Matrix Analysis and Applications},
  volume={15},
  number={1},
  pages={175--184},
  year={1994},
  publisher={SIAM}
}

@article{benzi2005numerical,
  title={Numerical solution of saddle point problems},
  author={Benzi, Michele and Golub, Gene H and Liesen, J{\"o}rg},
  journal={Acta numerica},
  volume={14},
  pages={1--137},
  year={2005},
  publisher={Cambridge University Press}
}

@article{uzawa1958iterative,
  title={Iterative methods for concave programming},
  author={Uzawa, Hirofumi},
  journal={Studies in linear and nonlinear programming},
  volume={6},
  pages={154--165},
  year={1958}
}

@article{schenk2000efficient,
  title={Efficient sparse LU factorization with left-right looking strategy on shared memory multiprocessors},
  author={Schenk, Olaf and G{\"a}rtner, Klaus and Fichtner, Wolfgang},
  journal={BIT Numerical Mathematics},
  volume={40},
  pages={158--176},
  year={2000},
  publisher={Springer}
}